<?xml version="1.0" encoding="utf-8"?>
<record xmlns="http://www.loc.gov/MARC21/slim" xmlns:xsi="http://www.w3.org/2001/XMLSchema-instance" xsi:schemaLocation="http://www.loc.gov/MARC21/slim http://www.loc.gov/standards/marcxml/schema/MARC21slim.xsd">
	<leader>
		03053nam a2200517   4500
	</leader>
	<controlfield tag="001">
		425239
	</controlfield>
	<controlfield tag="003">
		NNC
	</controlfield>
	<controlfield tag="006">
		m        d        
	</controlfield>
	<controlfield tag="007">
		cr cn |||m|||a
	</controlfield>
	<controlfield tag="008">
		150923s18991919iq      o     000 0 araxd
	</controlfield>
	<datafield ind1=" " ind2=" " tag="040">
		<subfield code="a">
			NNU
		</subfield>
		<subfield code="b">
			eng
		</subfield>
		<subfield code="e">
			rda
		</subfield>
		<subfield code="c">
			NNU
		</subfield>
	</datafield>
	<datafield ind1="0" ind2="4" tag="050">
		<subfield code="a">
			D17
		</subfield>
		<subfield code="b">
			.M28
		</subfield>
	</datafield>
	<datafield ind1="1" ind2=" " tag="100">
		<subfield code="6">
			880-01
		</subfield>
		<subfield code="a">
			Maqdisī, Muṭahhar ibn Ṭāhir,
		</subfield>
		<subfield code="d">
			active 10th century.
		</subfield>
	</datafield>
	<datafield ind1="1" ind2="0" tag="240">
		<subfield code="6">
			880-02
		</subfield>
		<subfield code="a">
			Badʼ wa-al-tārīkh
		</subfield>
	</datafield>
	<datafield ind1="1" ind2="0" tag="245">
		<subfield code="6">
			880-03
		</subfield>
		<subfield code="a">
			Kitāb al-badʼ wa-al-tārīkh /
		</subfield>
		<subfield code="c">
			li-Abī Zayd Aḥmad ibn Sahl al-Balkhī. Qad iʻtaná bi-nashrihi wa-tarjamatihi min al-ʻArabīyah ilá al-Faransawīyah Klimān Huwār.
		</subfield>
	</datafield>
	<datafield ind1="3" ind2=" " tag="246">
		<subfield code="6">
			880-04
		</subfield>
		<subfield code="a">
			Badʼ wa-al-taʼrīkh
		</subfield>
	</datafield>
	<datafield ind1=" " ind2=" " tag="260">
		<subfield code="6">
			880-05
		</subfield>
		<subfield code="a">
			Bārīz :
		</subfield>
		<subfield code="b">
			Arnist Lirū,
		</subfield>
		<subfield code="c">
			1899-1919.
		</subfield>
	</datafield>
	<datafield ind1=" " ind2=" " tag="300">
		<subfield code="a">
			online resource (6 volumes)
		</subfield>
	</datafield>
	<datafield ind1=" " ind2=" " tag="336">
		<subfield code="a">
			text
		</subfield>
		<subfield code="2">
			rdacontent
		</subfield>
	</datafield>
	<datafield ind1=" " ind2=" " tag="337">
		<subfield code="a">
			computer
		</subfield>
		<subfield code="2">
			rdamedia
		</subfield>
	</datafield>
	<datafield ind1=" " ind2=" " tag="338">
		<subfield code="a">
			online resource
		</subfield>
		<subfield code="2">
			rdacarrier
		</subfield>
	</datafield>
	<datafield ind1=" " ind2=" " tag="500">
		<subfield code="a">
			Vol. 2 has cover title only.
		</subfield>
	</datafield>
	<datafield ind1=" " ind2=" " tag="500">
		<subfield code="a">
			Added cover title: Kitab al-badʼ wat-tarikh, by Mutahhar ibn Tahir al-Maqdisi.
		</subfield>
	</datafield>
	<datafield ind1=" " ind2=" " tag="500">
		<subfield code="a">
			Authorship attributed to al-Maqdisī on t.p. of v. 3-6.
		</subfield>
	</datafield>
	<datafield ind1=" " ind2=" " tag="500">
		<subfield code="a">
			Photocopy of the Arabic text of the edition published by Clément Huart under title: Livre de la création et de l'histoire (Paris, 1899-1919).
		</subfield>
	</datafield>
	<datafield ind1=" " ind2=" " tag="500">
		<subfield code="a">
			Part of the Arabic Collections Online (ACO) project, contributed by Columbia University Libraries.
		</subfield>
	</datafield>
	<datafield ind1=" " ind2=" " tag="533">
		<subfield code="a">
			Electronic reproduction.
		</subfield>
		<subfield code="b">
			New York, N.Y. :
		</subfield>
		<subfield code="c">
			New York University,
		</subfield>
		<subfield code="d">
			2015.
		</subfield>
		<subfield code="5">
			NNU
		</subfield>
	</datafield>
	<datafield ind1=" " ind2="0" tag="650">
		<subfield code="a">
			History, Ancient.
		</subfield>
	</datafield>
	<datafield ind1=" " ind2="0" tag="650">
		<subfield code="a">
			Arabs
		</subfield>
		<subfield code="x">
			History.
		</subfield>
	</datafield>
	<datafield ind1=" " ind2="7" tag="650">
		<subfield code="a">
			Arabs.
		</subfield>
		<subfield code="2">
			fast
		</subfield>
		<subfield code="0">
			(OCoLC)fst00812576
		</subfield>
	</datafield>
	<datafield ind1=" " ind2="7" tag="650">
		<subfield code="a">
			History, Ancient.
		</subfield>
		<subfield code="2">
			fast
		</subfield>
		<subfield code="0">
			(OCoLC)fst00958352
		</subfield>
	</datafield>
	<datafield ind1=" " ind2="7" tag="655">
		<subfield code="a">
			History.
		</subfield>
		<subfield code="2">
			fast
		</subfield>
		<subfield code="0">
			(OCoLC)fst01411628
		</subfield>
	</datafield>
	<datafield ind1="1" ind2=" " tag="700">
		<subfield code="6">
			880-06
		</subfield>
		<subfield code="a">
			Balkhī, Aḥmad ibn Sahl,
		</subfield>
		<subfield code="d">
			849 or 850-934.
		</subfield>
	</datafield>
	<datafield ind1="1" ind2=" " tag="700">
		<subfield code="a">
			Huart, Clément,
		</subfield>
		<subfield code="d">
			1854-1926.
		</subfield>
	</datafield>
	<datafield ind1="2" ind2=" " tag="710">
		<subfield code="a">
			Columbia University.
		</subfield>
		<subfield code="b">
			Libraries.
		</subfield>
	</datafield>
	<datafield ind1="0" ind2=" " tag="730">
		<subfield code="a">
			Arabic Collections Online.
		</subfield>
	</datafield>
	<datafield ind1="0" ind2="8" tag="776">
		<subfield code="i">
			Print version:
		</subfield>
		<subfield code="a">
			Maqdisī, Muṭahhar ibn Ṭāhir, active 10th century.
		</subfield>
		<subfield code="t">
			Kitāb al-badʼ wa-al-tārīkh
		</subfield>
		<subfield code="w">
			(NNC)425239
		</subfield>
		<subfield code="w">
			(DLC)   64001463 
		</subfield>
		<subfield code="w">
			(OCoLC)505723524
		</subfield>
	</datafield>
	<datafield ind1="4" ind2="0" tag="856">
		<subfield code="u">
			http://hdl.handle.net/2333.1/ht76hhbt
		</subfield>
	</datafield>
	<datafield ind1="1" ind2=" " tag="880">
		<subfield code="6">
			100-01/r
		</subfield>
		<subfield code="a">
			مقدسي، مطهر بن طاهر،
		</subfield>
		<subfield code="d">
			active 10th century.
		</subfield>
	</datafield>
	<datafield ind1="1" ind2="0" tag="880">
		<subfield code="6">
			240-02/r
		</subfield>
		<subfield code="a">
			بدء والتاريخ
		</subfield>
	</datafield>
	<datafield ind1="1" ind2="0" tag="880">
		<subfield code="6">
			245-03/r
		</subfield>
		<subfield code="a">
			كتاب البدء والتاريخ /
		</subfield>
		<subfield code="c">
			لابي زيد احمد بن سهل البلخي. قد اعتنى بنشره وترجمته من العربية الى الفرنسوية كلمان هوار..
		</subfield>
	</datafield>
	<datafield ind1="3" ind2=" " tag="880">
		<subfield code="6">
			246-04/r
		</subfield>
		<subfield code="a">
			بدء والتأريخ
		</subfield>
	</datafield>
	<datafield ind1=" " ind2=" " tag="880">
		<subfield code="6">
			260-05/r
		</subfield>
		<subfield code="a">
			باريز :
		</subfield>
		<subfield code="b">
			ارنست لرو،
		</subfield>
		<subfield code="c">
			1899-1919.
		</subfield>
	</datafield>
	<datafield ind1="1" ind2=" " tag="880">
		<subfield code="6">
			700-06/r
		</subfield>
		<subfield code="a">
			بلخي، احمد بن سهل،
		</subfield>
		<subfield code="d">
			849 or 850-934.
		</subfield>
	</datafield>
	<datafield ind1=" " ind2=" " tag="959">
		<subfield code="a">
			NNU
		</subfield>
		<subfield code="b">
			WEB
		</subfield>
		<subfield code="c">
			GENI
		</subfield>
		<subfield code="t">
			0
		</subfield>
		<subfield code="m">
			Electronic access
		</subfield>
		<subfield code="s">
			01
		</subfield>
	</datafield>
	<datafield ind1=" " ind2=" " tag="999">
		<subfield code="i">
			NNC_425239
		</subfield>
		<subfield code="o">
			(OCoLC)ocn505723524
		</subfield>
		<subfield code="s">
			columbia_aco001063:v.1
		</subfield>
		<subfield code="s">
			columbia_aco001064:v.2
		</subfield>
		<subfield code="s">
			columbia_aco001065:v.3
		</subfield>
		<subfield code="s">
			columbia_aco001066:v.4
		</subfield>
		<subfield code="s">
			columbia_aco001067:v.5
		</subfield>
		<subfield code="s">
			columbia_aco001068:v.6
		</subfield>
		<subfield code="e">
			(ERROR-880)
		</subfield>
		<subfield code="s">
			columbia_aco001063:v.1
		</subfield>
		<subfield code="s">
			columbia_aco001064:v.2
		</subfield>
		<subfield code="s">
			columbia_aco001065:v.3
		</subfield>
		<subfield code="s">
			columbia_aco001066:v.4
		</subfield>
		<subfield code="s">
			columbia_aco001067:v.5
		</subfield>
		<subfield code="s">
			columbia_aco001068:v.6
		</subfield>
	</datafield>
</record>
